@unpublished{radim_thesis,
    author  = {Bc. Radim GÃ¶th},
    title   = {Testing techniques for mobile device applications},
    url     = {http://is.muni.cz/th/359254/fi_m/thesis.pdf}
    year    = {2015}
}

@unpublished{crittercism,
    title   = {Mobile Experience Benchmark},
    url     = {http://pages.crittercism.com/rs/crittercism/images/crittercism-mobile-benchmarks.pdf}
    year    = {2015}
}

@unpublished{weinman_thesis,
    author  = {Jerod J. Weinman},
    title   = {Unified detection and recognition for
reading text in scene images},
    url     = {http://http://vis-www.cs.umass.edu/papers/jerod_weinman_thesis.pdf}
    year    = {2008}
}

@article{DBLP:journals/corr/IoffeS15,
  author    = {Sergey Ioffe and
               Christian Szegedy},
  title     = {Batch Normalization: Accelerating Deep Network Training by Reducing
               Internal Covariate Shift},
  journal   = {CoRR},
  volume    = {abs/1502.03167},
  year      = {2015},
  url       = {http://arxiv.org/abs/1502.03167},
  timestamp = {Mon, 02 Mar 2015 14:17:34 +0100},
  biburl    = {http://dblp.uni-trier.de/rec/bib/journals/corr/IoffeS15},
  bibsource = {dblp computer science bibliography, http://dblp.org}
}

@unpublished{Goodfellow-et-al-2016-Book,
    title={Deep Learning},
    author={Ian Goodfellow, Yoshua Bengio, and Aaron Courville},
    note={Book in preparation for MIT Press},
    url={http://goodfeli.github.io/dlbook/},
    year={2016}
}

@article{Hodosh:2013:FID:2566972.2566993,
 author = {Hodosh, Micah and Young, Peter and Hockenmaier, Julia},
 title = {Framing Image Description As a Ranking Task: Data, Models and Evaluation Metrics},
 journal = {J. Artif. Int. Res.},
 issue_date = {May 2013},
 volume = {47},
 number = {1},
 month = may,
 year = {2013},
 issn = {1076-9757},
 pages = {853--899},
 numpages = {47},
 url = {http://dl.acm.org/citation.cfm?id=2566972.2566993},
 acmid = {2566993},
 publisher = {AI Access Foundation},
 address = {USA}
} 

@incollection{NIPS2012_4824,
title = {ImageNet Classification with Deep Convolutional Neural Networks},
author = {Alex Krizhevsky and Sutskever, Ilya and Geoffrey E. Hinton},
booktitle = {Advances in Neural Information Processing Systems 25},
editor = {F. Pereira and C. J. C. Burges and L. Bottou and K. Q. Weinberger},
pages = {1097--1105},
year = {2012},
publisher = {Curran Associates, Inc.},
url = {http://papers.nips.cc/paper/4824-imagenet-classification-with-deep-convolutional-neural-networks.pdf}
}

@inproceedings{Dao-Duc:2015:MVI:2833258.2833266,
 author = {Dao-Duc, Cuong and Xiaohui, Hua and Mor\`{e}re, Olivier},
 title = {Maritime Vessel Images Classification Using Deep Convolutional Neural Networks},
 booktitle = {Proceedings of the Sixth International Symposium on Information and Communication Technology},
 series = {SoICT 2015},
 year = {2015},
 isbn = {978-1-4503-3843-1},
 location = {Hue City, Viet Nam},
 pages = {276--281},
 numpages = {6},
 url = {http://doi.acm.org/10.1145/2833258.2833266},
 doi = {10.1145/2833258.2833266},
 acmid = {2833266},
 publisher = {ACM},
 address = {New York, NY, USA},
 keywords = {Deep learning, convolutional neural networks, image classification, maritime vessel classification},
} 
